<record><leader>00000cas a22000007a 4500</leader><controlfield tag="001">32726126</controlfield><controlfield tag="008">950628d19121918okuwr n       0    0eng d</controlfield><datafield ind1=" " ind2=" " tag="010"><subfield code="a">sn 95076247 </subfield></datafield><datafield ind1=" " ind2=" " tag="040"><subfield code="a">OBN</subfield><subfield code="b">eng</subfield><subfield code="c">OBN</subfield><subfield code="d">OCLCQ</subfield><subfield code="d">OCLCF</subfield><subfield code="d">OCLCO</subfield></datafield><datafield ind1="1" ind2=" " tag="029"><subfield code="a">AU@</subfield><subfield code="b">000011809766</subfield></datafield><datafield ind1=" " ind2=" " tag="042"><subfield code="a">msc</subfield></datafield><datafield ind1=" " ind2=" " tag="043"><subfield code="a">n-us-ok</subfield></datafield><datafield ind1="0" ind2=" " tag="130"><subfield code="a">Cushing citizen (Cushing, Okla. : 1912)</subfield></datafield><datafield ind1="1" ind2="4" tag="245"><subfield code="a">The Cushing citizen.</subfield></datafield><datafield ind1="3" ind2=" " tag="246"><subfield code="a">Cushing, Okla., citizen</subfield></datafield><datafield ind1="3" ind2=" " tag="246"><subfield code="a">Cushing weekly citizen</subfield></datafield><datafield ind1=" " ind2=" " tag="260"><subfield code="a">Cushing, Okla. :</subfield><subfield code="b">Green Print. Co.</subfield></datafield><datafield ind1=" " ind2=" " tag="300"><subfield code="a">v.</subfield></datafield><datafield ind1=" " ind2=" " tag="310"><subfield code="a">Weekly</subfield></datafield><datafield ind1="0" ind2=" " tag="362"><subfield code="a">-v. 9, no. 33 (Jan. 10, 1918).</subfield></datafield><datafield ind1="1" ind2=" " tag="362"><subfield code="a">Began in Oct. 1912.</subfield></datafield><datafield ind1=" " ind2="0" tag="651"><subfield code="a">Cushing (Okla.)</subfield><subfield code="v">Newspapers.</subfield></datafield><datafield ind1=" " ind2="0" tag="651"><subfield code="a">Payne County (Okla.)</subfield><subfield code="v">Newspapers.</subfield></datafield><datafield ind1=" " ind2="7" tag="655"><subfield code="a">Newspapers.</subfield><subfield code="2">fast</subfield><subfield code="0">(OCoLC)fst01423814</subfield></datafield><datafield ind1=" " ind2="7" tag="651"><subfield code="a">Oklahoma</subfield><subfield code="z">Cushing.</subfield><subfield code="2">fast</subfield><subfield code="0">(OCoLC)fst01220554</subfield></datafield><datafield ind1=" " ind2="7" tag="651"><subfield code="a">Oklahoma</subfield><subfield code="z">Payne County.</subfield><subfield code="2">fast</subfield><subfield code="0">(OCoLC)fst01219312</subfield></datafield><datafield ind1=" " ind2=" " tag="752"><subfield code="a">United States</subfield><subfield code="b">Oklahoma</subfield><subfield code="c">Payne</subfield><subfield code="d">Cushing.</subfield></datafield><datafield ind1="0" ind2="0" tag="780"><subfield code="t">Cushing democrat</subfield><subfield code="w">(DLC)sn 95076246</subfield><subfield code="w">(OCoLC)32725974</subfield></datafield><datafield ind1="0" ind2="7" tag="785"><subfield code="t">Cushing independent (Cushing, Okla.)</subfield><subfield code="w">(DLC)sn 95076248</subfield><subfield code="w">(OCoLC)32726297</subfield></datafield><datafield ind1="0" ind2="7" tag="785"><subfield code="t">Cushing citizen and Cushing independent</subfield><subfield code="w">(DLC)sn 95076249</subfield><subfield code="w">(OCoLC)32727387</subfield></datafield></record>